@phdthesis{Petanidou1991,
author = {Petanidou, Theodora},
pages = {Ph.D. dissertation},
school = {Aristotelian University, Thessaloniki, Greece},
title = {{Pollination ecology in a phryganic ecosystem}},
year = {1991}
}
