@article{Zetsche2015,
author = {Zetsche, Bernd and Gootenberg, Jonathan S. and Abudayyeh, Omar O. and Slaymaker, Ian M. and Makarova, Kira S. and Essletzbichler, Patrick and Volz, Sara E. and Joung, Julia and van der Oost, John and Regev, Aviv and Koonin, Eugene V. and Zhang, Feng and Altschul, S.F. and Madden, T.L. and Sch{\"{a}}ffer, A.A. and Zhang, J. and Zhang, Z. and Miller, W. and Lipman, D.J. and Barrangou, R. and Marraffini, L.A. and Barrangou, R. and Fremaux, C. and Deveau, H. and Richards, M. and Boyaval, P. and Moineau, S. and Romero, D.A. and Horvath, P. and Brouns, S.J. and Jore, M.M. and Lundgren, M. and Westra, E.R. and Slijkhuis, R.J. and Snijders, A.P. and Dickman, M.J. and Makarova, K.S. and Koonin, E.V. and van der Oost, J. and Cencic, R. and Miura, H. and Malina, A. and Robert, F. and Ethier, S. and Schmeing, T.M. and Dostie, J. and Pelletier, J. and Chan, F. and Hauswirth, W.W. and Wensel, T.G. and Wilson, J.H. and Charpentier, E. and Richter, H. and van der Oost, J. and White, M.F. and Chylinski, K. and Rhun, A. Le and Charpentier, E. and Clark, J.M. and Cong, L. and Ran, F.A. and Cox, D. and Lin, S. and Barretto, R. and Habib, N. and Hsu, P.D. and Wu, X. and Jiang, W. and Marraffini, L.A. and Zhang, F. and Crooks, G.E. and Hon, G. and Chandonia, J.M. and Brenner, S.E. and Deltcheva, E. and Chylinski, K. and Sharma, C.M. and Gonzales, K. and Chao, Y. and Pirzada, Z.A. and Eckert, M.R. and Vogel, J. and Charpentier, E. and Drozdetskiy, A. and Cole, C. and Procter, J. and Barton, G.J. and Edgar, R.C. and Edgar, R.C. and Fu, Y. and Sander, J.D. and Reyon, D. and Cascio, V.M. and Joung, J.K. and Gardner, M.J. and Shallom, S.J. and Carlton, J.M. and Salzberg, S.L. and Nene, V. and Shoaibi, A. and Ciecko, A. and Lynn, J. and Rizzo, M. and Weaver, B. and et Al. and Garneau, J.E. and Dupuis, M.E. and Villion, M. and Romero, D.A. and Barrangou, R. and Boyaval, P. and Fremaux, C. and Horvath, P. and Magad{\'{a}}n, A.H. and Moineau, S. and Gasiunas, G. and Barrangou, R. and Horvath, P. and Siksnys, V. and Grissa, I. and Vergnaud, G. and Pourcel, C. and Hale, C.R. and Zhao, P. and Olson, S. and Duff, M.O. and Graveley, B.R. and Wells, L. and Terns, R.M. and Terns, M.P. and Heidrich, N. and Dugar, G. and Vogel, J. and Sharma, C. and Horvath, P. and Barrangou, R. and Hsu, P.D. and Scott, D.A. and Weinstein, J.A. and Ran, F.A. and Konermann, S. and Agarwala, V. and Li, Y. and Fine, E.J. and Wu, X. and Shalem, O. and et Al. and Hsu, P.D. and Lander, E.S. and Zhang, F. and Jackson, R.N. and Golden, S.M. and van Erp, P.B. and Carter, J. and Westra, E.R. and Brouns, S.J. and van der Oost, J. and Terwilliger, T.C. and Read, R.J. and Wiedenheft, B. and Jiang, W. and Marraffini, L.A. and Jiang, W. and Bikard, D. and Cox, D. and Zhang, F. and Marraffini, L.A. and Jiang, F. and Zhou, K. and Ma, L. and Gressel, S. and Doudna, J.A. and Jinek, M. and Chylinski, K. and Fonfara, I. and Hauer, M. and Doudna, J.A. and Charpentier, E. and Li, H. and Durbin, R. and Lorenz, R. and Bernhart, S.H. and Siederdissen, C. H{\"{o}}ner Zu and Tafer, H. and Flamm, C. and Stadler, P.F. and Hofacker, I.L. and Makarova, K.S. and Koonin, E.V. and Makarova, K.S. and Haft, D.H. and Barrangou, R. and Brouns, S.J. and Charpentier, E. and Horvath, P. and Moineau, S. and Mojica, F.J. and Wolf, Y.I. and Yakunin, A.F. and et Al. and Makarova, K.S. and Wolf, Y.I. and Alkhnbashi, O. and Costa, F.S.S. and Saunders, S.J. and Barrangou, R. and Brouns, S.J.J. and Charpentier, E. and Haft, D.H. and et Al. and Maresca, M. and Lin, V.G. and Guo, N. and Yang, Y. and Marraffini, L.A. and Sontheimer, E.J. and Mojica, F.J. and D{\'{i}}ez-Villase{\~{n}}or, C. and Garc{\'{i}}a-Mart{\'{i}}nez, J. and Almendros, C. and Mulepati, S. and H{\'{e}}roux, A. and Bailey, S. and Nishimasu, H. and Ran, F.A. and Hsu, P.D. and Konermann, S. and Shehata, S.I. and Dohmae, N. and Ishitani, R. and Zhang, F. and Nureki, O. and Price, M.N. and Dehal, P.S. and Arkin, A.P. and Ran, F.A. and Cong, L. and Yan, W.X. and Scott, D.A. and Gootenberg, J.S. and Kriz, A.J. and Zetsche, B. and Shalem, O. and Wu, X. and Makarova, K.S. and et Al. and Sapranauskas, R. and Gasiunas, G. and Fremaux, C. and Barrangou, R. and Horvath, P. and Siksnys, V. and Schunder, E. and Rydzewski, K. and Grunow, R. and Heuner, K. and Sinkunas, T. and Gasiunas, G. and Waghmare, S.P. and Dickman, M.J. and Barrangou, R. and Horvath, P. and Siksnys, V. and S{\"{o}}ding, J. and Remmert, M. and Biegert, A. and Lupas, A.N. and Sorek, R. and Lawrence, C.M. and Wiedenheft, B. and Vestergaard, G. and Garrett, R.A. and Shah, S.A. and Zhang, Y. and Heidrich, N. and Ampattu, B.J. and Gunderson, C.W. and Seifert, H.S. and Schoen, C. and Vogel, J. and Sontheimer, E.J.},
doi = {10.1016/j.cell.2015.09.038},
file = {:Users/jialelim/Library/Application Support/Mendeley Desktop/Downloaded/Zetsche et al. - 2015 - Cpf1 Is a Single RNA-Guided Endonuclease of a Class 2 CRISPR-Cas System.pdf:pdf},
issn = {00928674},
journal = {Cell},
month = {oct},
number = {3},
pages = {759--771},
publisher = {Elsevier},
title = {{Cpf1 Is a Single RNA-Guided Endonuclease of a Class 2 CRISPR-Cas System}},
url = {http://linkinghub.elsevier.com/retrieve/pii/S0092867415012003},
volume = {163},
year = {2015}
}
